%% This BibTeX bibliography file was created using BibDesk.
%% http://bibdesk.sourceforge.net/

%% Created for Spencer Smith at 2016-09-22 10:01:42 -0400 


%% Saved with string encoding Unicode (UTF-8) 



@book{RobertsonAndRobertson2012,
	Author = {James Robertson and Suzanne Robertson},
	Date-Added = {2016-09-22 13:54:40 +0000},
	Date-Modified = {2016-09-22 14:01:42 +0000},
	Edition = {16},
	Publisher = {Atlantic Systems Guild Limited},
	Title = {Volere Requirements Specification Template},
	Year = {2012}
},

	
@online{PlayStore,
    author = "Google",
    title = "Smile Capture - New way to take selfie!!",
    url  = "https://play.google.com/store/apps/details?id=com.mayur.smilecapture&hl=en",
    addendum = "(accessed: 02.09.2020)",
    keywords = "smilecamera"
},


@online{Android Developer,
    author = "Google",
    title = "Face Detector",
    url  = "https://developer.android.com/reference/android/media/FaceDetector",
    addendum = "(accessed: 02.09.2020)",
    keywords = "facedetector"
}
